
@Misc{FPWiko,
title = {Winkelkorrelation},
author = {Ralf Bausinger},
note = {eingesehen am 17.12.2019, 14:30 Uhr},
url = {https://fp.physik.uni-konstanz.de/docs/WIKO.pdf},
}


@Misc{led,
title = {Zusammensetzung des Weißlichts},
author = {mitralicht.de},
note = {eingesehen am 21.01.2020, 10:00 Uhr},
url = {https://mitralicht.de/wp-content/uploads/2017/06/RGB-spektrum-deu.jpg},
}

@BOOK{Schmidt,
	AUTHOR = {Hans Ulrich Schmidt },
	YEAR = {1986},
	TITLE = {Meßelektronik in der Kernphysik},
	ISBN = {3-519-03082-9 },
	PUBLISHER = {Teubner},
	ADDRESS = {Stuttgart},
}
